<?xml version="1.0" encoding="UTF-8"?><collection xmlns="http://www.loc.gov/MARC21/slim"><record><leader>00408nam--2200157-i-4500</leader><controlfield tag="001">000048363</controlfield><controlfield tag="002">20161230</controlfield><controlfield tag="005">20170105162816</controlfield><controlfield tag="008">060222s1000------------r-----000-0-eng-d</controlfield><datafield ind1=" " ind2=" " tag="080"><subfield code="a">621.3.049.774</subfield></datafield><datafield ind1=" " ind2=" " tag="100"><subfield code="a">Abaev, N. A</subfield></datafield><datafield ind1=" " ind2=" " tag="245"><subfield code="a">Bolshie integralnyi shemy s inzhktionnymi piteniem</subfield></datafield><datafield ind1=" " ind2=" " tag="260"><subfield code="a">Moskva</subfield><subfield code="b">Sovetskoe Radio</subfield><subfield code="c">1977</subfield></datafield><datafield ind1=" " ind2=" " tag="700"><subfield code="a">Dulin, V. N</subfield></datafield><datafield ind1=" " ind2=" " tag="852"><subfield code="a">46058</subfield></datafield><datafield ind1=" " ind2=" " tag="CAT"><subfield code="a">SYS</subfield><subfield code="c">20170105</subfield><subfield code="h">162816</subfield></datafield></record></collection>